 @book{pepper_kassab_divo_2014, place={New York}, title={An introduction to finite element, boundary element, and meshless methods: With applications to heat transfer and fluid flow}, publisher={ASME Press}, 
 author="Pepper, Darrell and Kassab, Alain J. and Divo, Eduardo A.", 
 year={2014}}
 @article{lcmm,
author = {Gerace, S. and Erhart, K. and Kassab, Alain and Divo, Eduardo},
year = {2014},
month = {08},
pages = {},
title = {A model-integrated localized collocation meshless method for large scale three-dimensional heat transfer problems},
volume = {45},
journal = {Engineering Analysis with Boundary Elements},
doi = {10.1016/j.enganabound.2014.01.014}
}